%YAML 1.1
%TAG !u! tag:unity3d.com,2011:
--- !u!1 &841545346302739380
GameObject:
  m_ObjectHideFlags: 0
  m_CorrespondingSourceObject: {fileID: 0}
  m_PrefabInstance: {fileID: 0}
  m_PrefabAsset: {fileID: 0}
  serializedVersion: 6
  m_Component:
  - component: {fileID: 837807469621084418}
  m_Layer: 2
  m_Name: Anchor_Cursor
  m_TagString: Untagged
  m_Icon: {fileID: 0}
  m_NavMeshLayer: 0
  m_StaticEditorFlags: 0
  m_IsActive: 1
--- !u!4 &837807469621084418
Transform:
  m_ObjectHideFlags: 0
  m_CorrespondingSourceObject: {fileID: 0}
  m_PrefabInstance: {fileID: 0}
  m_PrefabAsset: {fileID: 0}
  m_GameObject: {fileID: 841545346302739380}
  m_LocalRotation: {x: 0.7071068, y: 0, z: 0, w: 0.7071068}
  m_LocalPosition: {x: 0, y: 0, z: 0.001}
  m_LocalScale: {x: 1, y: 1, z: 1}
  m_Children:
  - {fileID: 837807468377936754}
  m_Father: {fileID: 837807471684492118}
  m_RootOrder: 0
  m_LocalEulerAnglesHint: {x: 90, y: 0, z: 0}
--- !u!1 &841545346865622016
GameObject:
  m_ObjectHideFlags: 0
  m_CorrespondingSourceObject: {fileID: 0}
  m_PrefabInstance: {fileID: 0}
  m_PrefabAsset: {fileID: 0}
  serializedVersion: 6
  m_Component:
  - component: {fileID: 837807471684492118}
  - component: {fileID: 736732378470861242}
  m_Layer: 2
  m_Name: GazeCursor
  m_TagString: Untagged
  m_Icon: {fileID: 0}
  m_NavMeshLayer: 0
  m_StaticEditorFlags: 0
  m_IsActive: 1
--- !u!4 &837807471684492118
Transform:
  m_ObjectHideFlags: 0
  m_CorrespondingSourceObject: {fileID: 0}
  m_PrefabInstance: {fileID: 0}
  m_PrefabAsset: {fileID: 0}
  m_GameObject: {fileID: 841545346865622016}
  m_LocalRotation: {x: 0, y: 0, z: 0, w: 1}
  m_LocalPosition: {x: 0, y: 0, z: 0}
  m_LocalScale: {x: 1, y: 1, z: 1}
  m_Children:
  - {fileID: 837807469621084418}
  m_Father: {fileID: 0}
  m_RootOrder: 0
  m_LocalEulerAnglesHint: {x: 0, y: 0, z: 0}
--- !u!114 &736732378470861242
MonoBehaviour:
  m_ObjectHideFlags: 0
  m_CorrespondingSourceObject: {fileID: 0}
  m_PrefabInstance: {fileID: 0}
  m_PrefabAsset: {fileID: 0}
  m_GameObject: {fileID: 841545346865622016}
  m_Enabled: 1
  m_EditorHideFlags: 0
  m_Script: {fileID: 11500000, guid: 9c523107adbf4a9b8ca63b83f2f89aba, type: 3}
  m_Name: 
  m_EditorClassIdentifier: 
  surfaceCursorDistance: 0.02
  useUnscaledTime: 1
  positionLerpTime: 0.01
  scaleLerpTime: 0.01
  rotationLerpTime: 0.01
  lookRotationBlend: 0
  resizeCursorWithDistance: 1
  cursorAngularSize: 50
  PrimaryCursorVisual: {fileID: 837807469621084418}
  SourceDownIds: 
  defaultCursorDistance: 2
  cursorStateData:
  - name: Observe
    cursorState: 0
    parameter:
      parameterType: 3
      defaultInt: 0
      defaultFloat: 0
      defaultBool: 0
      name: CursorState
  - name: ObserveHover
    cursorState: 1
    parameter:
      parameterType: 3
      defaultInt: 1
      defaultFloat: 0
      defaultBool: 0
      name: CursorState
  - name: Interact
    cursorState: 2
    parameter:
      parameterType: 3
      defaultInt: 2
      defaultFloat: 0
      defaultBool: 0
      name: CursorState
  - name: InteractHover
    cursorState: 3
    parameter:
      parameterType: 3
      defaultInt: 3
      defaultFloat: 0
      defaultBool: 0
      name: CursorState
  - name: Select
    cursorState: 4
    parameter:
      parameterType: 3
      defaultInt: 4
      defaultFloat: 0
      defaultBool: 0
      name: CursorState
  - name: Release
    cursorState: 5
    parameter:
      parameterType: 3
      defaultInt: 5
      defaultFloat: 0
      defaultBool: 0
      name: CursorState
  cursorContextData:
  - name: None
    cursorState: -1
    parameter:
      parameterType: 3
      defaultInt: -1
      defaultFloat: 0
      defaultBool: 0
      name: CursorContext
  - name: MoveEastWest
    cursorState: 0
    parameter:
      parameterType: 3
      defaultInt: 0
      defaultFloat: 0
      defaultBool: 0
      name: CursorContext
  - name: MoveNorthSouth
    cursorState: 1
    parameter:
      parameterType: 3
      defaultInt: 1
      defaultFloat: 0
      defaultBool: 0
      name: CursorContext
  - name: MoveNorthwestSoutheast
    cursorState: 2
    parameter:
      parameterType: 3
      defaultInt: 2
      defaultFloat: 0
      defaultBool: 0
      name: CursorContext
  - name: MoveNortheastSouthwest
    cursorState: 3
    parameter:
      parameterType: 3
      defaultInt: 3
      defaultFloat: 0
      defaultBool: 0
      name: CursorContext
  - name: MoveCross
    cursorState: 4
    parameter:
      parameterType: 3
      defaultInt: 4
      defaultFloat: 0
      defaultBool: 0
      name: CursorContext
  - name: RotateEastWest
    cursorState: 5
    parameter:
      parameterType: 3
      defaultInt: 5
      defaultFloat: 0
      defaultBool: 0
      name: CursorContext
  - name: RotateNorthSouth
    cursorState: 6
    parameter:
      parameterType: 3
      defaultInt: 6
      defaultFloat: 0
      defaultBool: 0
      name: CursorContext
  inputEnabledParameter:
    parameterType: 4
    defaultInt: 0
    defaultFloat: 0
    defaultBool: 0
    name: Waiting
  inputDisabledParameter:
    parameterType: 4
    defaultInt: 0
    defaultFloat: 0
    defaultBool: 1
    name: Waiting
  cursorAnimator: {fileID: 791564059653107894}
--- !u!1 &841545347109521634
GameObject:
  m_ObjectHideFlags: 0
  m_CorrespondingSourceObject: {fileID: 0}
  m_PrefabInstance: {fileID: 0}
  m_PrefabAsset: {fileID: 0}
  serializedVersion: 6
  m_Component:
  - component: {fileID: 837807468377936754}
  - component: {fileID: 791564059653107894}
  - component: {fileID: 737357382854489756}
  m_Layer: 2
  m_Name: CursorVisual
  m_TagString: Untagged
  m_Icon: {fileID: 0}
  m_NavMeshLayer: 0
  m_StaticEditorFlags: 0
  m_IsActive: 1
--- !u!4 &837807468377936754
Transform:
  m_ObjectHideFlags: 0
  m_CorrespondingSourceObject: {fileID: 0}
  m_PrefabInstance: {fileID: 0}
  m_PrefabAsset: {fileID: 0}
  m_GameObject: {fileID: 841545347109521634}
  m_LocalRotation: {x: 0, y: 0, z: 0, w: 1}
  m_LocalPosition: {x: 0, y: 0, z: 0}
  m_LocalScale: {x: 0.05, y: 0.05, z: 0.05}
  m_Children:
  - {fileID: 8274235073117663037}
  - {fileID: 7435925823428660728}
  - {fileID: 363120994036190271}
  - {fileID: 8421218575387297246}
  - {fileID: 6143864427178944941}
  - {fileID: 1346214522797347606}
  - {fileID: 1143232762042034153}
  - {fileID: 3390257704202359479}
  - {fileID: 5610551721594613798}
  - {fileID: 781441971320891146}
  m_Father: {fileID: 837807469621084418}
  m_RootOrder: 0
  m_LocalEulerAnglesHint: {x: 0, y: 0, z: 0}
--- !u!95 &791564059653107894
Animator:
  serializedVersion: 3
  m_ObjectHideFlags: 0
  m_CorrespondingSourceObject: {fileID: 0}
  m_PrefabInstance: {fileID: 0}
  m_PrefabAsset: {fileID: 0}
  m_GameObject: {fileID: 841545347109521634}
  m_Enabled: 0
  m_Avatar: {fileID: 0}
  m_Controller: {fileID: 9100000, guid: f27f5d1423754857b13f936d19673ffb, type: 2}
  m_CullingMode: 0
  m_UpdateMode: 0
  m_ApplyRootMotion: 0
  m_LinearVelocityBlending: 0
  m_WarningMessage: 
  m_HasTransformHierarchy: 1
  m_AllowConstantClipSamplingOptimization: 1
  m_KeepAnimatorControllerStateOnDisable: 0
--- !u!114 &737357382854489756
MonoBehaviour:
  m_ObjectHideFlags: 0
  m_CorrespondingSourceObject: {fileID: 0}
  m_PrefabInstance: {fileID: 0}
  m_PrefabAsset: {fileID: 0}
  m_GameObject: {fileID: 841545347109521634}
  m_Enabled: 1
  m_EditorHideFlags: 0
  m_Script: {fileID: 11500000, guid: 9296b71443954db1b4571935a43e5266, type: 3}
  m_Name: 
  m_EditorClassIdentifier: 
  radius: 0.15
  color: {r: 0.24528301, g: 0.24528301, b: 0.24528301, a: 1}
--- !u!1001 &2580418230847802456
PrefabInstance:
  m_ObjectHideFlags: 0
  serializedVersion: 2
  m_Modification:
    m_TransformParent: {fileID: 837807468377936754}
    m_Modifications:
    - target: {fileID: 6273884922985941382, guid: eab90e525ea183647b99bf5ae3575c72, type: 3}
      propertyPath: m_RootOrder
      value: 3
      objectReference: {fileID: 0}
    - target: {fileID: 6273884922985941382, guid: eab90e525ea183647b99bf5ae3575c72, type: 3}
      propertyPath: m_LocalScale.x
      value: 25
      objectReference: {fileID: 0}
    - target: {fileID: 6273884922985941382, guid: eab90e525ea183647b99bf5ae3575c72, type: 3}
      propertyPath: m_LocalScale.y
      value: 25
      objectReference: {fileID: 0}
    - target: {fileID: 6273884922985941382, guid: eab90e525ea183647b99bf5ae3575c72, type: 3}
      propertyPath: m_LocalScale.z
      value: 25
      objectReference: {fileID: 0}
    - target: {fileID: 6273884922985941382, guid: eab90e525ea183647b99bf5ae3575c72, type: 3}
      propertyPath: m_LocalPosition.x
      value: 0
      objectReference: {fileID: 0}
    - target: {fileID: 6273884922985941382, guid: eab90e525ea183647b99bf5ae3575c72, type: 3}
      propertyPath: m_LocalPosition.y
      value: -0.012500002
      objectReference: {fileID: 0}
    - target: {fileID: 6273884922985941382, guid: eab90e525ea183647b99bf5ae3575c72, type: 3}
      propertyPath: m_LocalPosition.z
      value: 0
      objectReference: {fileID: 0}
    - target: {fileID: 6273884922985941382, guid: eab90e525ea183647b99bf5ae3575c72, type: 3}
      propertyPath: m_LocalRotation.w
      value: -0.4999999
      objectReference: {fileID: 0}
    - target: {fileID: 6273884922985941382, guid: eab90e525ea183647b99bf5ae3575c72, type: 3}
      propertyPath: m_LocalRotation.x
      value: 0.4999999
      objectReference: {fileID: 0}
    - target: {fileID: 6273884922985941382, guid: eab90e525ea183647b99bf5ae3575c72, type: 3}
      propertyPath: m_LocalRotation.y
      value: 0.5000001
      objectReference: {fileID: 0}
    - target: {fileID: 6273884922985941382, guid: eab90e525ea183647b99bf5ae3575c72, type: 3}
      propertyPath: m_LocalRotation.z
      value: 0.5000001
      objectReference: {fileID: 0}
    - target: {fileID: 6273884922985941382, guid: eab90e525ea183647b99bf5ae3575c72, type: 3}
      propertyPath: m_LocalEulerAnglesHint.x
      value: -90
      objectReference: {fileID: 0}
    - target: {fileID: 6273884922985941382, guid: eab90e525ea183647b99bf5ae3575c72, type: 3}
      propertyPath: m_LocalEulerAnglesHint.y
      value: 180
      objectReference: {fileID: 0}
    - target: {fileID: 6273884922985941382, guid: eab90e525ea183647b99bf5ae3575c72, type: 3}
      propertyPath: m_LocalEulerAnglesHint.z
      value: 89.99999
      objectReference: {fileID: 0}
    - target: {fileID: 6273884922986239398, guid: eab90e525ea183647b99bf5ae3575c72, type: 3}
      propertyPath: m_Name
      value: CursorMoveArrowsEastWest
      objectReference: {fileID: 0}
    - target: {fileID: 6273884922986239398, guid: eab90e525ea183647b99bf5ae3575c72, type: 3}
      propertyPath: m_IsActive
      value: 0
      objectReference: {fileID: 0}
    m_RemovedComponents: []
  m_SourcePrefab: {fileID: 100100000, guid: eab90e525ea183647b99bf5ae3575c72, type: 3}
--- !u!4 &8421218575387297246 stripped
Transform:
  m_CorrespondingSourceObject: {fileID: 6273884922985941382, guid: eab90e525ea183647b99bf5ae3575c72, type: 3}
  m_PrefabInstance: {fileID: 2580418230847802456}
  m_PrefabAsset: {fileID: 0}
--- !u!1001 &3311344323353964452
PrefabInstance:
  m_ObjectHideFlags: 0
  serializedVersion: 2
  m_Modification:
    m_TransformParent: {fileID: 837807468377936754}
    m_Modifications:
    - target: {fileID: 5387982173894238812, guid: 594ffe039afd6a64dbf45b2a3366a438, type: 3}
      propertyPath: m_RootOrder
      value: 1
      objectReference: {fileID: 0}
    - target: {fileID: 5387982173894238812, guid: 594ffe039afd6a64dbf45b2a3366a438, type: 3}
      propertyPath: m_LocalScale.x
      value: 25
      objectReference: {fileID: 0}
    - target: {fileID: 5387982173894238812, guid: 594ffe039afd6a64dbf45b2a3366a438, type: 3}
      propertyPath: m_LocalScale.y
      value: 25
      objectReference: {fileID: 0}
    - target: {fileID: 5387982173894238812, guid: 594ffe039afd6a64dbf45b2a3366a438, type: 3}
      propertyPath: m_LocalScale.z
      value: 25
      objectReference: {fileID: 0}
    - target: {fileID: 5387982173894238812, guid: 594ffe039afd6a64dbf45b2a3366a438, type: 3}
      propertyPath: m_LocalPosition.x
      value: 0
      objectReference: {fileID: 0}
    - target: {fileID: 5387982173894238812, guid: 594ffe039afd6a64dbf45b2a3366a438, type: 3}
      propertyPath: m_LocalPosition.y
      value: -0.025000004
      objectReference: {fileID: 0}
    - target: {fileID: 5387982173894238812, guid: 594ffe039afd6a64dbf45b2a3366a438, type: 3}
      propertyPath: m_LocalPosition.z
      value: 0
      objectReference: {fileID: 0}
    - target: {fileID: 5387982173894238812, guid: 594ffe039afd6a64dbf45b2a3366a438, type: 3}
      propertyPath: m_LocalRotation.w
      value: 0.5
      objectReference: {fileID: 0}
    - target: {fileID: 5387982173894238812, guid: 594ffe039afd6a64dbf45b2a3366a438, type: 3}
      propertyPath: m_LocalRotation.x
      value: -0.5
      objectReference: {fileID: 0}
    - target: {fileID: 5387982173894238812, guid: 594ffe039afd6a64dbf45b2a3366a438, type: 3}
      propertyPath: m_LocalRotation.y
      value: -0.5
      objectReference: {fileID: 0}
    - target: {fileID: 5387982173894238812, guid: 594ffe039afd6a64dbf45b2a3366a438, type: 3}
      propertyPath: m_LocalRotation.z
      value: -0.5
      objectReference: {fileID: 0}
    - target: {fileID: 5387982173894238812, guid: 594ffe039afd6a64dbf45b2a3366a438, type: 3}
      propertyPath: m_LocalEulerAnglesHint.x
      value: -90
      objectReference: {fileID: 0}
    - target: {fileID: 5387982173894238812, guid: 594ffe039afd6a64dbf45b2a3366a438, type: 3}
      propertyPath: m_LocalEulerAnglesHint.y
      value: -90
      objectReference: {fileID: 0}
    - target: {fileID: 5387982173894238812, guid: 594ffe039afd6a64dbf45b2a3366a438, type: 3}
      propertyPath: m_LocalEulerAnglesHint.z
      value: 0
      objectReference: {fileID: 0}
    - target: {fileID: 5387982173894475388, guid: 594ffe039afd6a64dbf45b2a3366a438, type: 3}
      propertyPath: m_Name
      value: CursorRest
      objectReference: {fileID: 0}
    - target: {fileID: 5387982173894475388, guid: 594ffe039afd6a64dbf45b2a3366a438, type: 3}
      propertyPath: m_IsActive
      value: 0
      objectReference: {fileID: 0}
    m_RemovedComponents: []
  m_SourcePrefab: {fileID: 100100000, guid: 594ffe039afd6a64dbf45b2a3366a438, type: 3}
--- !u!4 &7435925823428660728 stripped
Transform:
  m_CorrespondingSourceObject: {fileID: 5387982173894238812, guid: 594ffe039afd6a64dbf45b2a3366a438, type: 3}
  m_PrefabInstance: {fileID: 3311344323353964452}
  m_PrefabAsset: {fileID: 0}
--- !u!1001 &4391391467990237682
PrefabInstance:
  m_ObjectHideFlags: 0
  serializedVersion: 2
  m_Modification:
    m_TransformParent: {fileID: 837807468377936754}
    m_Modifications:
    - target: {fileID: 4178016473676599789, guid: bd972abbae7e3be4bbcabb327fd4291b, type: 3}
      propertyPath: m_Name
      value: CursorFocus
      objectReference: {fileID: 0}
    - target: {fileID: 4178016473676599789, guid: bd972abbae7e3be4bbcabb327fd4291b, type: 3}
      propertyPath: m_IsActive
      value: 0
      objectReference: {fileID: 0}
    - target: {fileID: 4178016473676959181, guid: bd972abbae7e3be4bbcabb327fd4291b, type: 3}
      propertyPath: m_RootOrder
      value: 2
      objectReference: {fileID: 0}
    - target: {fileID: 4178016473676959181, guid: bd972abbae7e3be4bbcabb327fd4291b, type: 3}
      propertyPath: m_LocalScale.x
      value: 25
      objectReference: {fileID: 0}
    - target: {fileID: 4178016473676959181, guid: bd972abbae7e3be4bbcabb327fd4291b, type: 3}
      propertyPath: m_LocalScale.y
      value: 25
      objectReference: {fileID: 0}
    - target: {fileID: 4178016473676959181, guid: bd972abbae7e3be4bbcabb327fd4291b, type: 3}
      propertyPath: m_LocalScale.z
      value: 25
      objectReference: {fileID: 0}
    - target: {fileID: 4178016473676959181, guid: bd972abbae7e3be4bbcabb327fd4291b, type: 3}
      propertyPath: m_LocalPosition.x
      value: 0
      objectReference: {fileID: 0}
    - target: {fileID: 4178016473676959181, guid: bd972abbae7e3be4bbcabb327fd4291b, type: 3}
      propertyPath: m_LocalPosition.y
      value: -0.025000004
      objectReference: {fileID: 0}
    - target: {fileID: 4178016473676959181, guid: bd972abbae7e3be4bbcabb327fd4291b, type: 3}
      propertyPath: m_LocalPosition.z
      value: 0
      objectReference: {fileID: 0}
    - target: {fileID: 4178016473676959181, guid: bd972abbae7e3be4bbcabb327fd4291b, type: 3}
      propertyPath: m_LocalRotation.w
      value: 0.5
      objectReference: {fileID: 0}
    - target: {fileID: 4178016473676959181, guid: bd972abbae7e3be4bbcabb327fd4291b, type: 3}
      propertyPath: m_LocalRotation.x
      value: -0.5
      objectReference: {fileID: 0}
    - target: {fileID: 4178016473676959181, guid: bd972abbae7e3be4bbcabb327fd4291b, type: 3}
      propertyPath: m_LocalRotation.y
      value: -0.5
      objectReference: {fileID: 0}
    - target: {fileID: 4178016473676959181, guid: bd972abbae7e3be4bbcabb327fd4291b, type: 3}
      propertyPath: m_LocalRotation.z
      value: -0.5
      objectReference: {fileID: 0}
    - target: {fileID: 4178016473676959181, guid: bd972abbae7e3be4bbcabb327fd4291b, type: 3}
      propertyPath: m_LocalEulerAnglesHint.x
      value: -90
      objectReference: {fileID: 0}
    - target: {fileID: 4178016473676959181, guid: bd972abbae7e3be4bbcabb327fd4291b, type: 3}
      propertyPath: m_LocalEulerAnglesHint.y
      value: -90
      objectReference: {fileID: 0}
    - target: {fileID: 4178016473676959181, guid: bd972abbae7e3be4bbcabb327fd4291b, type: 3}
      propertyPath: m_LocalEulerAnglesHint.z
      value: 0
      objectReference: {fileID: 0}
    m_RemovedComponents: []
  m_SourcePrefab: {fileID: 100100000, guid: bd972abbae7e3be4bbcabb327fd4291b, type: 3}
--- !u!4 &363120994036190271 stripped
Transform:
  m_CorrespondingSourceObject: {fileID: 4178016473676959181, guid: bd972abbae7e3be4bbcabb327fd4291b, type: 3}
  m_PrefabInstance: {fileID: 4391391467990237682}
  m_PrefabAsset: {fileID: 0}
--- !u!1001 &4914927786777652685
PrefabInstance:
  m_ObjectHideFlags: 0
  serializedVersion: 2
  m_Modification:
    m_TransformParent: {fileID: 837807468377936754}
    m_Modifications:
    - target: {fileID: 5687318028320642791, guid: 45f90619388e38541865e0a2ed3fb47e, type: 3}
      propertyPath: m_Name
      value: CursorRotateArrowsVertical
      objectReference: {fileID: 0}
    - target: {fileID: 5687318028320642791, guid: 45f90619388e38541865e0a2ed3fb47e, type: 3}
      propertyPath: m_IsActive
      value: 0
      objectReference: {fileID: 0}
    - target: {fileID: 5687318028320869063, guid: 45f90619388e38541865e0a2ed3fb47e, type: 3}
      propertyPath: m_RootOrder
      value: 9
      objectReference: {fileID: 0}
    - target: {fileID: 5687318028320869063, guid: 45f90619388e38541865e0a2ed3fb47e, type: 3}
      propertyPath: m_LocalScale.x
      value: 25
      objectReference: {fileID: 0}
    - target: {fileID: 5687318028320869063, guid: 45f90619388e38541865e0a2ed3fb47e, type: 3}
      propertyPath: m_LocalScale.y
      value: 25
      objectReference: {fileID: 0}
    - target: {fileID: 5687318028320869063, guid: 45f90619388e38541865e0a2ed3fb47e, type: 3}
      propertyPath: m_LocalScale.z
      value: 25
      objectReference: {fileID: 0}
    - target: {fileID: 5687318028320869063, guid: 45f90619388e38541865e0a2ed3fb47e, type: 3}
      propertyPath: m_LocalPosition.x
      value: 0
      objectReference: {fileID: 0}
    - target: {fileID: 5687318028320869063, guid: 45f90619388e38541865e0a2ed3fb47e, type: 3}
      propertyPath: m_LocalPosition.y
      value: -0.012500002
      objectReference: {fileID: 0}
    - target: {fileID: 5687318028320869063, guid: 45f90619388e38541865e0a2ed3fb47e, type: 3}
      propertyPath: m_LocalPosition.z
      value: 0
      objectReference: {fileID: 0}
    - target: {fileID: 5687318028320869063, guid: 45f90619388e38541865e0a2ed3fb47e, type: 3}
      propertyPath: m_LocalRotation.w
      value: 0.5000001
      objectReference: {fileID: 0}
    - target: {fileID: 5687318028320869063, guid: 45f90619388e38541865e0a2ed3fb47e, type: 3}
      propertyPath: m_LocalRotation.x
      value: -0.5000001
      objectReference: {fileID: 0}
    - target: {fileID: 5687318028320869063, guid: 45f90619388e38541865e0a2ed3fb47e, type: 3}
      propertyPath: m_LocalRotation.y
      value: 0.4999999
      objectReference: {fileID: 0}
    - target: {fileID: 5687318028320869063, guid: 45f90619388e38541865e0a2ed3fb47e, type: 3}
      propertyPath: m_LocalRotation.z
      value: 0.4999999
      objectReference: {fileID: 0}
    - target: {fileID: 5687318028320869063, guid: 45f90619388e38541865e0a2ed3fb47e, type: 3}
      propertyPath: m_LocalEulerAnglesHint.x
      value: -90
      objectReference: {fileID: 0}
    - target: {fileID: 5687318028320869063, guid: 45f90619388e38541865e0a2ed3fb47e, type: 3}
      propertyPath: m_LocalEulerAnglesHint.y
      value: 0
      objectReference: {fileID: 0}
    - target: {fileID: 5687318028320869063, guid: 45f90619388e38541865e0a2ed3fb47e, type: 3}
      propertyPath: m_LocalEulerAnglesHint.z
      value: 89.99999
      objectReference: {fileID: 0}
    m_RemovedComponents: []
  m_SourcePrefab: {fileID: 100100000, guid: 45f90619388e38541865e0a2ed3fb47e, type: 3}
--- !u!4 &781441971320891146 stripped
Transform:
  m_CorrespondingSourceObject: {fileID: 5687318028320869063, guid: 45f90619388e38541865e0a2ed3fb47e, type: 3}
  m_PrefabInstance: {fileID: 4914927786777652685}
  m_PrefabAsset: {fileID: 0}
--- !u!1001 &5847062168307992563
PrefabInstance:
  m_ObjectHideFlags: 0
  serializedVersion: 2
  m_Modification:
    m_TransformParent: {fileID: 837807468377936754}
    m_Modifications:
    - target: {fileID: 2087522883944475637, guid: dfdf062da9cce5c4ebabe98a14ef5364, type: 3}
      propertyPath: m_Name
      value: CursorRotateArrowsHorizontal
      objectReference: {fileID: 0}
    - target: {fileID: 2087522883944475637, guid: dfdf062da9cce5c4ebabe98a14ef5364, type: 3}
      propertyPath: m_IsActive
      value: 0
      objectReference: {fileID: 0}
    - target: {fileID: 2087522883944708053, guid: dfdf062da9cce5c4ebabe98a14ef5364, type: 3}
      propertyPath: m_RootOrder
      value: 8
      objectReference: {fileID: 0}
    - target: {fileID: 2087522883944708053, guid: dfdf062da9cce5c4ebabe98a14ef5364, type: 3}
      propertyPath: m_LocalScale.x
      value: 25
      objectReference: {fileID: 0}
    - target: {fileID: 2087522883944708053, guid: dfdf062da9cce5c4ebabe98a14ef5364, type: 3}
      propertyPath: m_LocalScale.y
      value: 25
      objectReference: {fileID: 0}
    - target: {fileID: 2087522883944708053, guid: dfdf062da9cce5c4ebabe98a14ef5364, type: 3}
      propertyPath: m_LocalScale.z
      value: 25
      objectReference: {fileID: 0}
    - target: {fileID: 2087522883944708053, guid: dfdf062da9cce5c4ebabe98a14ef5364, type: 3}
      propertyPath: m_LocalPosition.x
      value: 0
      objectReference: {fileID: 0}
    - target: {fileID: 2087522883944708053, guid: dfdf062da9cce5c4ebabe98a14ef5364, type: 3}
      propertyPath: m_LocalPosition.y
      value: -0.012500002
      objectReference: {fileID: 0}
    - target: {fileID: 2087522883944708053, guid: dfdf062da9cce5c4ebabe98a14ef5364, type: 3}
      propertyPath: m_LocalPosition.z
      value: 0
      objectReference: {fileID: 0}
    - target: {fileID: 2087522883944708053, guid: dfdf062da9cce5c4ebabe98a14ef5364, type: 3}
      propertyPath: m_LocalRotation.w
      value: 0.7071068
      objectReference: {fileID: 0}
    - target: {fileID: 2087522883944708053, guid: dfdf062da9cce5c4ebabe98a14ef5364, type: 3}
      propertyPath: m_LocalRotation.x
      value: -0.7071068
      objectReference: {fileID: 0}
    - target: {fileID: 2087522883944708053, guid: dfdf062da9cce5c4ebabe98a14ef5364, type: 3}
      propertyPath: m_LocalRotation.y
      value: 0
      objectReference: {fileID: 0}
    - target: {fileID: 2087522883944708053, guid: dfdf062da9cce5c4ebabe98a14ef5364, type: 3}
      propertyPath: m_LocalRotation.z
      value: 0
      objectReference: {fileID: 0}
    - target: {fileID: 2087522883944708053, guid: dfdf062da9cce5c4ebabe98a14ef5364, type: 3}
      propertyPath: m_LocalEulerAnglesHint.x
      value: -90
      objectReference: {fileID: 0}
    - target: {fileID: 2087522883944708053, guid: dfdf062da9cce5c4ebabe98a14ef5364, type: 3}
      propertyPath: m_LocalEulerAnglesHint.y
      value: 0
      objectReference: {fileID: 0}
    - target: {fileID: 2087522883944708053, guid: dfdf062da9cce5c4ebabe98a14ef5364, type: 3}
      propertyPath: m_LocalEulerAnglesHint.z
      value: 0
      objectReference: {fileID: 0}
    m_RemovedComponents: []
  m_SourcePrefab: {fileID: 100100000, guid: dfdf062da9cce5c4ebabe98a14ef5364, type: 3}
--- !u!4 &5610551721594613798 stripped
Transform:
  m_CorrespondingSourceObject: {fileID: 2087522883944708053, guid: dfdf062da9cce5c4ebabe98a14ef5364, type: 3}
  m_PrefabInstance: {fileID: 5847062168307992563}
  m_PrefabAsset: {fileID: 0}
--- !u!1001 &6140519892781392894
PrefabInstance:
  m_ObjectHideFlags: 0
  serializedVersion: 2
  m_Modification:
    m_TransformParent: {fileID: 837807468377936754}
    m_Modifications:
    - target: {fileID: 6551073264639760439, guid: 15700cca0c876c840a30db2bef89f29f, type: 3}
      propertyPath: m_Name
      value: CursorMoveArrowsNorthSouth
      objectReference: {fileID: 0}
    - target: {fileID: 6551073264639760439, guid: 15700cca0c876c840a30db2bef89f29f, type: 3}
      propertyPath: m_IsActive
      value: 0
      objectReference: {fileID: 0}
    - target: {fileID: 6551073264640115735, guid: 15700cca0c876c840a30db2bef89f29f, type: 3}
      propertyPath: m_RootOrder
      value: 6
      objectReference: {fileID: 0}
    - target: {fileID: 6551073264640115735, guid: 15700cca0c876c840a30db2bef89f29f, type: 3}
      propertyPath: m_LocalScale.x
      value: 25
      objectReference: {fileID: 0}
    - target: {fileID: 6551073264640115735, guid: 15700cca0c876c840a30db2bef89f29f, type: 3}
      propertyPath: m_LocalScale.y
      value: 25
      objectReference: {fileID: 0}
    - target: {fileID: 6551073264640115735, guid: 15700cca0c876c840a30db2bef89f29f, type: 3}
      propertyPath: m_LocalScale.z
      value: 25
      objectReference: {fileID: 0}
    - target: {fileID: 6551073264640115735, guid: 15700cca0c876c840a30db2bef89f29f, type: 3}
      propertyPath: m_LocalPosition.x
      value: 0
      objectReference: {fileID: 0}
    - target: {fileID: 6551073264640115735, guid: 15700cca0c876c840a30db2bef89f29f, type: 3}
      propertyPath: m_LocalPosition.y
      value: -0.012500002
      objectReference: {fileID: 0}
    - target: {fileID: 6551073264640115735, guid: 15700cca0c876c840a30db2bef89f29f, type: 3}
      propertyPath: m_LocalPosition.z
      value: 0
      objectReference: {fileID: 0}
    - target: {fileID: 6551073264640115735, guid: 15700cca0c876c840a30db2bef89f29f, type: 3}
      propertyPath: m_LocalRotation.w
      value: 0.00000013240823
      objectReference: {fileID: 0}
    - target: {fileID: 6551073264640115735, guid: 15700cca0c876c840a30db2bef89f29f, type: 3}
      propertyPath: m_LocalRotation.x
      value: -0.00000013240823
      objectReference: {fileID: 0}
    - target: {fileID: 6551073264640115735, guid: 15700cca0c876c840a30db2bef89f29f, type: 3}
      propertyPath: m_LocalRotation.y
      value: 0.7071068
      objectReference: {fileID: 0}
    - target: {fileID: 6551073264640115735, guid: 15700cca0c876c840a30db2bef89f29f, type: 3}
      propertyPath: m_LocalRotation.z
      value: 0.7071068
      objectReference: {fileID: 0}
    - target: {fileID: 6551073264640115735, guid: 15700cca0c876c840a30db2bef89f29f, type: 3}
      propertyPath: m_LocalEulerAnglesHint.x
      value: -90
      objectReference: {fileID: 0}
    - target: {fileID: 6551073264640115735, guid: 15700cca0c876c840a30db2bef89f29f, type: 3}
      propertyPath: m_LocalEulerAnglesHint.y
      value: 180
      objectReference: {fileID: 0}
    - target: {fileID: 6551073264640115735, guid: 15700cca0c876c840a30db2bef89f29f, type: 3}
      propertyPath: m_LocalEulerAnglesHint.z
      value: -0.000015258789
      objectReference: {fileID: 0}
    m_RemovedComponents: []
  m_SourcePrefab: {fileID: 100100000, guid: 15700cca0c876c840a30db2bef89f29f, type: 3}
--- !u!4 &1143232762042034153 stripped
Transform:
  m_CorrespondingSourceObject: {fileID: 6551073264640115735, guid: 15700cca0c876c840a30db2bef89f29f, type: 3}
  m_PrefabInstance: {fileID: 6140519892781392894}
  m_PrefabAsset: {fileID: 0}
--- !u!1001 &8240229981209033060
PrefabInstance:
  m_ObjectHideFlags: 0
  serializedVersion: 2
  m_Modification:
    m_TransformParent: {fileID: 837807468377936754}
    m_Modifications:
    - target: {fileID: 2817082550597684457, guid: cab2fee02e78ee94eb110dc9a99f892f, type: 3}
      propertyPath: m_Name
      value: CursorMoveArrowsMove
      objectReference: {fileID: 0}
    - target: {fileID: 2817082550597684457, guid: cab2fee02e78ee94eb110dc9a99f892f, type: 3}
      propertyPath: m_IsActive
      value: 0
      objectReference: {fileID: 0}
    - target: {fileID: 2817082550597718217, guid: cab2fee02e78ee94eb110dc9a99f892f, type: 3}
      propertyPath: m_RootOrder
      value: 4
      objectReference: {fileID: 0}
    - target: {fileID: 2817082550597718217, guid: cab2fee02e78ee94eb110dc9a99f892f, type: 3}
      propertyPath: m_LocalScale.x
      value: 25
      objectReference: {fileID: 0}
    - target: {fileID: 2817082550597718217, guid: cab2fee02e78ee94eb110dc9a99f892f, type: 3}
      propertyPath: m_LocalScale.y
      value: 25
      objectReference: {fileID: 0}
    - target: {fileID: 2817082550597718217, guid: cab2fee02e78ee94eb110dc9a99f892f, type: 3}
      propertyPath: m_LocalScale.z
      value: 25
      objectReference: {fileID: 0}
    - target: {fileID: 2817082550597718217, guid: cab2fee02e78ee94eb110dc9a99f892f, type: 3}
      propertyPath: m_LocalPosition.x
      value: 0
      objectReference: {fileID: 0}
    - target: {fileID: 2817082550597718217, guid: cab2fee02e78ee94eb110dc9a99f892f, type: 3}
      propertyPath: m_LocalPosition.y
      value: -0.012500002
      objectReference: {fileID: 0}
    - target: {fileID: 2817082550597718217, guid: cab2fee02e78ee94eb110dc9a99f892f, type: 3}
      propertyPath: m_LocalPosition.z
      value: 0
      objectReference: {fileID: 0}
    - target: {fileID: 2817082550597718217, guid: cab2fee02e78ee94eb110dc9a99f892f, type: 3}
      propertyPath: m_LocalRotation.w
      value: -0.4999999
      objectReference: {fileID: 0}
    - target: {fileID: 2817082550597718217, guid: cab2fee02e78ee94eb110dc9a99f892f, type: 3}
      propertyPath: m_LocalRotation.x
      value: 0.4999999
      objectReference: {fileID: 0}
    - target: {fileID: 2817082550597718217, guid: cab2fee02e78ee94eb110dc9a99f892f, type: 3}
      propertyPath: m_LocalRotation.y
      value: 0.5000001
      objectReference: {fileID: 0}
    - target: {fileID: 2817082550597718217, guid: cab2fee02e78ee94eb110dc9a99f892f, type: 3}
      propertyPath: m_LocalRotation.z
      value: 0.5000001
      objectReference: {fileID: 0}
    - target: {fileID: 2817082550597718217, guid: cab2fee02e78ee94eb110dc9a99f892f, type: 3}
      propertyPath: m_LocalEulerAnglesHint.x
      value: -90
      objectReference: {fileID: 0}
    - target: {fileID: 2817082550597718217, guid: cab2fee02e78ee94eb110dc9a99f892f, type: 3}
      propertyPath: m_LocalEulerAnglesHint.y
      value: 180
      objectReference: {fileID: 0}
    - target: {fileID: 2817082550597718217, guid: cab2fee02e78ee94eb110dc9a99f892f, type: 3}
      propertyPath: m_LocalEulerAnglesHint.z
      value: 89.99999
      objectReference: {fileID: 0}
    m_RemovedComponents: []
  m_SourcePrefab: {fileID: 100100000, guid: cab2fee02e78ee94eb110dc9a99f892f, type: 3}
--- !u!4 &6143864427178944941 stripped
Transform:
  m_CorrespondingSourceObject: {fileID: 2817082550597718217, guid: cab2fee02e78ee94eb110dc9a99f892f, type: 3}
  m_PrefabInstance: {fileID: 8240229981209033060}
  m_PrefabAsset: {fileID: 0}
--- !u!1001 &8463510731317946335
PrefabInstance:
  m_ObjectHideFlags: 0
  serializedVersion: 2
  m_Modification:
    m_TransformParent: {fileID: 837807468377936754}
    m_Modifications:
    - target: {fileID: 551570965678000354, guid: 5928c86d2f03f4b4ea7e0e5b6a1087ae, type: 3}
      propertyPath: m_RootOrder
      value: 0
      objectReference: {fileID: 0}
    - target: {fileID: 551570965678000354, guid: 5928c86d2f03f4b4ea7e0e5b6a1087ae, type: 3}
      propertyPath: m_LocalScale.x
      value: 25
      objectReference: {fileID: 0}
    - target: {fileID: 551570965678000354, guid: 5928c86d2f03f4b4ea7e0e5b6a1087ae, type: 3}
      propertyPath: m_LocalScale.y
      value: 25
      objectReference: {fileID: 0}
    - target: {fileID: 551570965678000354, guid: 5928c86d2f03f4b4ea7e0e5b6a1087ae, type: 3}
      propertyPath: m_LocalScale.z
      value: 25
      objectReference: {fileID: 0}
    - target: {fileID: 551570965678000354, guid: 5928c86d2f03f4b4ea7e0e5b6a1087ae, type: 3}
      propertyPath: m_LocalPosition.x
      value: 0
      objectReference: {fileID: 0}
    - target: {fileID: 551570965678000354, guid: 5928c86d2f03f4b4ea7e0e5b6a1087ae, type: 3}
      propertyPath: m_LocalPosition.y
      value: -0.025000004
      objectReference: {fileID: 0}
    - target: {fileID: 551570965678000354, guid: 5928c86d2f03f4b4ea7e0e5b6a1087ae, type: 3}
      propertyPath: m_LocalPosition.z
      value: 0
      objectReference: {fileID: 0}
    - target: {fileID: 551570965678000354, guid: 5928c86d2f03f4b4ea7e0e5b6a1087ae, type: 3}
      propertyPath: m_LocalRotation.w
      value: 0.5
      objectReference: {fileID: 0}
    - target: {fileID: 551570965678000354, guid: 5928c86d2f03f4b4ea7e0e5b6a1087ae, type: 3}
      propertyPath: m_LocalRotation.x
      value: -0.5
      objectReference: {fileID: 0}
    - target: {fileID: 551570965678000354, guid: 5928c86d2f03f4b4ea7e0e5b6a1087ae, type: 3}
      propertyPath: m_LocalRotation.y
      value: -0.5
      objectReference: {fileID: 0}
    - target: {fileID: 551570965678000354, guid: 5928c86d2f03f4b4ea7e0e5b6a1087ae, type: 3}
      propertyPath: m_LocalRotation.z
      value: -0.5
      objectReference: {fileID: 0}
    - target: {fileID: 551570965678000354, guid: 5928c86d2f03f4b4ea7e0e5b6a1087ae, type: 3}
      propertyPath: m_LocalEulerAnglesHint.x
      value: -90
      objectReference: {fileID: 0}
    - target: {fileID: 551570965678000354, guid: 5928c86d2f03f4b4ea7e0e5b6a1087ae, type: 3}
      propertyPath: m_LocalEulerAnglesHint.y
      value: -90
      objectReference: {fileID: 0}
    - target: {fileID: 551570965678000354, guid: 5928c86d2f03f4b4ea7e0e5b6a1087ae, type: 3}
      propertyPath: m_LocalEulerAnglesHint.z
      value: 0
      objectReference: {fileID: 0}
    - target: {fileID: 551570965678494914, guid: 5928c86d2f03f4b4ea7e0e5b6a1087ae, type: 3}
      propertyPath: m_Name
      value: CursorPress
      objectReference: {fileID: 0}
    - target: {fileID: 551570965678494914, guid: 5928c86d2f03f4b4ea7e0e5b6a1087ae, type: 3}
      propertyPath: m_IsActive
      value: 0
      objectReference: {fileID: 0}
    m_RemovedComponents: []
  m_SourcePrefab: {fileID: 100100000, guid: 5928c86d2f03f4b4ea7e0e5b6a1087ae, type: 3}
--- !u!4 &8274235073117663037 stripped
Transform:
  m_CorrespondingSourceObject: {fileID: 551570965678000354, guid: 5928c86d2f03f4b4ea7e0e5b6a1087ae, type: 3}
  m_PrefabInstance: {fileID: 8463510731317946335}
  m_PrefabAsset: {fileID: 0}
--- !u!1001 &8730379085169892766
PrefabInstance:
  m_ObjectHideFlags: 0
  serializedVersion: 2
  m_Modification:
    m_TransformParent: {fileID: 837807468377936754}
    m_Modifications:
    - target: {fileID: 7747950012503674504, guid: 4a7a428c972d3614ba5cff825c4708c2, type: 3}
      propertyPath: m_RootOrder
      value: 5
      objectReference: {fileID: 0}
    - target: {fileID: 7747950012503674504, guid: 4a7a428c972d3614ba5cff825c4708c2, type: 3}
      propertyPath: m_LocalScale.x
      value: 25
      objectReference: {fileID: 0}
    - target: {fileID: 7747950012503674504, guid: 4a7a428c972d3614ba5cff825c4708c2, type: 3}
      propertyPath: m_LocalScale.y
      value: 25
      objectReference: {fileID: 0}
    - target: {fileID: 7747950012503674504, guid: 4a7a428c972d3614ba5cff825c4708c2, type: 3}
      propertyPath: m_LocalScale.z
      value: 25
      objectReference: {fileID: 0}
    - target: {fileID: 7747950012503674504, guid: 4a7a428c972d3614ba5cff825c4708c2, type: 3}
      propertyPath: m_LocalPosition.x
      value: 0
      objectReference: {fileID: 0}
    - target: {fileID: 7747950012503674504, guid: 4a7a428c972d3614ba5cff825c4708c2, type: 3}
      propertyPath: m_LocalPosition.y
      value: -0.012500002
      objectReference: {fileID: 0}
    - target: {fileID: 7747950012503674504, guid: 4a7a428c972d3614ba5cff825c4708c2, type: 3}
      propertyPath: m_LocalPosition.z
      value: 0
      objectReference: {fileID: 0}
    - target: {fileID: 7747950012503674504, guid: 4a7a428c972d3614ba5cff825c4708c2, type: 3}
      propertyPath: m_LocalRotation.w
      value: -0.27059805
      objectReference: {fileID: 0}
    - target: {fileID: 7747950012503674504, guid: 4a7a428c972d3614ba5cff825c4708c2, type: 3}
      propertyPath: m_LocalRotation.x
      value: 0.27059805
      objectReference: {fileID: 0}
    - target: {fileID: 7747950012503674504, guid: 4a7a428c972d3614ba5cff825c4708c2, type: 3}
      propertyPath: m_LocalRotation.y
      value: 0.6532815
      objectReference: {fileID: 0}
    - target: {fileID: 7747950012503674504, guid: 4a7a428c972d3614ba5cff825c4708c2, type: 3}
      propertyPath: m_LocalRotation.z
      value: 0.6532815
      objectReference: {fileID: 0}
    - target: {fileID: 7747950012503674504, guid: 4a7a428c972d3614ba5cff825c4708c2, type: 3}
      propertyPath: m_LocalEulerAnglesHint.x
      value: -90
      objectReference: {fileID: 0}
    - target: {fileID: 7747950012503674504, guid: 4a7a428c972d3614ba5cff825c4708c2, type: 3}
      propertyPath: m_LocalEulerAnglesHint.y
      value: 180
      objectReference: {fileID: 0}
    - target: {fileID: 7747950012503674504, guid: 4a7a428c972d3614ba5cff825c4708c2, type: 3}
      propertyPath: m_LocalEulerAnglesHint.z
      value: 45
      objectReference: {fileID: 0}
    - target: {fileID: 7747950012503708328, guid: 4a7a428c972d3614ba5cff825c4708c2, type: 3}
      propertyPath: m_Name
      value: CursorMoveArrowsNortheastSouthwest
      objectReference: {fileID: 0}
    - target: {fileID: 7747950012503708328, guid: 4a7a428c972d3614ba5cff825c4708c2, type: 3}
      propertyPath: m_IsActive
      value: 0
      objectReference: {fileID: 0}
    m_RemovedComponents: []
  m_SourcePrefab: {fileID: 100100000, guid: 4a7a428c972d3614ba5cff825c4708c2, type: 3}
--- !u!4 &1346214522797347606 stripped
Transform:
  m_CorrespondingSourceObject: {fileID: 7747950012503674504, guid: 4a7a428c972d3614ba5cff825c4708c2, type: 3}
  m_PrefabInstance: {fileID: 8730379085169892766}
  m_PrefabAsset: {fileID: 0}
--- !u!1001 &8974306657753276947
PrefabInstance:
  m_ObjectHideFlags: 0
  serializedVersion: 2
  m_Modification:
    m_TransformParent: {fileID: 837807468377936754}
    m_Modifications:
    - target: {fileID: 6018983043162336388, guid: f5f52f7c5c7012743af433bb1a27f3af, type: 3}
      propertyPath: m_Name
      value: CursorMoveArrowsNorthwestSoutheast
      objectReference: {fileID: 0}
    - target: {fileID: 6018983043162336388, guid: f5f52f7c5c7012743af433bb1a27f3af, type: 3}
      propertyPath: m_IsActive
      value: 0
      objectReference: {fileID: 0}
    - target: {fileID: 6018983043162566820, guid: f5f52f7c5c7012743af433bb1a27f3af, type: 3}
      propertyPath: m_RootOrder
      value: 7
      objectReference: {fileID: 0}
    - target: {fileID: 6018983043162566820, guid: f5f52f7c5c7012743af433bb1a27f3af, type: 3}
      propertyPath: m_LocalScale.x
      value: 25
      objectReference: {fileID: 0}
    - target: {fileID: 6018983043162566820, guid: f5f52f7c5c7012743af433bb1a27f3af, type: 3}
      propertyPath: m_LocalScale.y
      value: 25
      objectReference: {fileID: 0}
    - target: {fileID: 6018983043162566820, guid: f5f52f7c5c7012743af433bb1a27f3af, type: 3}
      propertyPath: m_LocalScale.z
      value: 25
      objectReference: {fileID: 0}
    - target: {fileID: 6018983043162566820, guid: f5f52f7c5c7012743af433bb1a27f3af, type: 3}
      propertyPath: m_LocalPosition.x
      value: 0
      objectReference: {fileID: 0}
    - target: {fileID: 6018983043162566820, guid: f5f52f7c5c7012743af433bb1a27f3af, type: 3}
      propertyPath: m_LocalPosition.y
      value: -0.012500002
      objectReference: {fileID: 0}
    - target: {fileID: 6018983043162566820, guid: f5f52f7c5c7012743af433bb1a27f3af, type: 3}
      propertyPath: m_LocalPosition.z
      value: 0
      objectReference: {fileID: 0}
    - target: {fileID: 6018983043162566820, guid: f5f52f7c5c7012743af433bb1a27f3af, type: 3}
      propertyPath: m_LocalRotation.w
      value: 0.27059805
      objectReference: {fileID: 0}
    - target: {fileID: 6018983043162566820, guid: f5f52f7c5c7012743af433bb1a27f3af, type: 3}
      propertyPath: m_LocalRotation.x
      value: -0.27059805
      objectReference: {fileID: 0}
    - target: {fileID: 6018983043162566820, guid: f5f52f7c5c7012743af433bb1a27f3af, type: 3}
      propertyPath: m_LocalRotation.y
      value: 0.6532815
      objectReference: {fileID: 0}
    - target: {fileID: 6018983043162566820, guid: f5f52f7c5c7012743af433bb1a27f3af, type: 3}
      propertyPath: m_LocalRotation.z
      value: 0.6532815
      objectReference: {fileID: 0}
    - target: {fileID: 6018983043162566820, guid: f5f52f7c5c7012743af433bb1a27f3af, type: 3}
      propertyPath: m_LocalEulerAnglesHint.x
      value: -90
      objectReference: {fileID: 0}
    - target: {fileID: 6018983043162566820, guid: f5f52f7c5c7012743af433bb1a27f3af, type: 3}
      propertyPath: m_LocalEulerAnglesHint.y
      value: 180
      objectReference: {fileID: 0}
    - target: {fileID: 6018983043162566820, guid: f5f52f7c5c7012743af433bb1a27f3af, type: 3}
      propertyPath: m_LocalEulerAnglesHint.z
      value: -45
      objectReference: {fileID: 0}
    m_RemovedComponents: []
  m_SourcePrefab: {fileID: 100100000, guid: f5f52f7c5c7012743af433bb1a27f3af, type: 3}
--- !u!4 &3390257704202359479 stripped
Transform:
  m_CorrespondingSourceObject: {fileID: 6018983043162566820, guid: f5f52f7c5c7012743af433bb1a27f3af, type: 3}
  m_PrefabInstance: {fileID: 8974306657753276947}
  m_PrefabAsset: {fileID: 0}
